%% This BibTeX bibliography file was created using BibDesk.
%% http://bibdesk.sourceforge.net/


%% Saved with string encoding Unicode (UTF-8) 

@incollection{fincher2005mapping,
  title={Mapping the territory},
  author={Fincher, Sally and Petre, Marian},
  booktitle={Computer Science Education Research},
  pages={11--18},
  year={2005},
  publisher={Taylor \& Francis}
}

@misc{Inep2017,
    author = {INEP},
    title = {Sinopse Estatística do Censo da Educação Superior 2017},
    howpublished = {Instituto Nacional Estudo e Pesquisas Educacionais Anísio Texeira. Disponível em $<<$http://portal.inep.gov.br/basica-censo-escolar-sinopse-sinopse$>>$},
    year = {2018},
    note={Acesso em 22 de novembro de 2018}
}

@article{evasaoMatheus2014,
  title={Evas{\~a}o no Bacharelado em Ci{\^e}ncia da Computa{\c{c}}{\~a}o da Universidade de Bras{\'\i}lia: an{\'a}lise e minera{\c{c}}{\~a}o de dados},
  author={Palmeira, Lu{\'\i}sa Behrens and Santos, Matheus Parreiras},
  year={2015}
}

@inproceedings{liao2016lightweight,
  title={Lightweight, early identification of at-risk CS1 students},
  author={Liao, Soohyun Nam and Zingaro, Daniel and Laurenzano, Michael A and Griswold, William G and Porter, Leo},
  booktitle={Proceedings of the 2016 ACM Conference on International Computing Education Research},
  pages={123--131},
  year={2016},
  organization={ACM}
}

@inproceedings{martins2012assistente,
  title={Um Assistente de Predi{\c{c}}{\~a}o de Evas{\~a}o aplicado a uma disciplina Introdut{\'o}ria do curso de Ci{\^e}ncia da Computa{\c{c}}{\~a}o},
  author={Martins, Luis Carlos and Lopes, Diogo Alto{\'e} and Raabe, Andr{\'e}},
  booktitle={Brazilian Symposium on Computers in Education (Simp{\'o}sio Brasileiro de Inform{\'a}tica na Educa{\c{c}}{\~a}o-SBIE)},
  volume={23},
  number={1},
  year={2012}
}

@inproceedings{porter2014importance,
  title={Importance of early performance in CS1: two conflicting assessment stories},
  author={Porter, Leo and Zingaro, Daniel},
  booktitle={Proceedings of the 45th ACM technical symposium on Computer science education},
  pages={295--300},
  year={2014},
  organization={ACM}
}

@inproceedings{estey2017automatically,
  title={Automatically classifying students in need of support by detecting changes in programming behaviour},
  author={Estey, Anthony and Keuning, Hieke and Coady, Yvonne},
  booktitle={Proceedings of the 2017 ACM SIGCSE Technical Symposium on Computer Science Education},
  pages={189--194},
  year={2017},
  organization={ACM}
}

@inproceedings{quille2018,
  title={Programming: predicting student success early in CS1. a re-validation and replication study},
  author={Quille, Keith and Bergin, Susan},
  booktitle={Proceedings of the 23rd Annual ACM Conference on Innovation and Technology in Computer Science Education},
  pages={15--20},
  year={2018},
  organization={ACM}
}

@inproceedings{ahadi2016early,
  title={Early identification of novice programmers' challenges in coding using machine learning techniques},
  author={Ahadi, Alireza},
  booktitle={Proceedings of the 2016 ACM Conference on International Computing Education Research},
  pages={263--264},
  year={2016},
  organization={ACM}
}

@article{da2014alunos,
  title={Alunos em Risco: como identific{\'a}-los por meio de um ambiente virtual de aprendizagem?},
  author={Silva, J{\'u}lia Marques Carvalho da and Andrade, F{\'a}bio Goulart and Tessari, Rog{\'e}rio and Jr, Sigmundo Preissler},
  year={2014}
}

@inproceedings{martins2012assistente,
  title={Um Assistente de Predi{\c{c}}{\~a}o de Evas{\~a}o aplicado a uma disciplina Introdut{\'o}ria do curso de Ci{\^e}ncia da Computa{\c{c}}{\~a}o},
  author={Martins, Luis Carlos and Lopes, Diogo Alto{\'e} and Raabe, Andr{\'e}},
  booktitle={Brazilian Symposium on Computers in Education (Simp{\'o}sio Brasileiro de Inform{\'a}tica na Educa{\c{c}}{\~a}o-SBIE)},
  volume={23},
  number={1},
  year={2012}
}

@inproceedings{porter2014predicting,
  title={Predicting student success using fine grain clicker data},
  author={Porter, Leo and Zingaro, Daniel and Lister, Raymond},
  booktitle={Proceedings of the tenth annual conference on International computing education research},
  pages={51--58},
  year={2014},
  organization={ACM}
}

@inproceedings{rodrigues2013modelo,
  title={Modelo de Regress{\~a}o Linear aplicado {\`a} previs{\~a}o de desempenho de estudantes em ambiente de aprendizagem},
  author={Rodrigues, Rodrigo Lins and de Medeiros, Francisco PA and Gomes, Alex Sandro},
  booktitle={Brazilian Symposium on Computers in Education (Simp{\'o}sio Brasileiro de Inform{\'a}tica na Educa{\c{c}}{\~a}o-SBIE)},
  volume={24},
  number={1},
  pages={607},
  year={2013}
}

@inproceedings{gotardo2013prediccao,
  title={Predi{\c{c}}ao do desempenho do aluno usando sistemas de recomenda{\c{c}}ao e acoplamento de classificadores},
  author={Gotardo, Reginaldo and Cereda, Paulo Roberto Massa and Junior, Estevam Rafael Hruschka},
  booktitle={Brazilian Symposium on Computers in Education (Simp{\'o}sio Brasileiro de Inform{\'a}tica na Educa{\c{c}}{\~a}o-SBIE)},
  volume={24},
  number={1},
  pages={657},
  year={2013}
}

@book{domingos1981forma,
  title={Uma forma de estruturar o ensino e a aprendizagem},
  author={Domingos, A.M. and Neves, I.P. and Galhardo, L.},
  isbn={9789722401067},
  lccn={82143431},
  series={Biblioteca do educador profissional},
  url={https://books.google.com.br/books?id=P3yPGAAACAAJ},
  year={1981},
  publisher={Livros Horizonte}
}

@book{bloom1983manual,
  title={Manual de avalia{\c{c}}{\~a}o formativa e somativa do aprendizado escolar},
  author={Bloom, Benjamin S and Hastings, J Thomas and Madaus, George F and Florez, Maria Cristina Fioratti and Patto, Maria Helena Souza and Quint{\~a}o, Lilian Rochlitz and Vanzolini, Maria Eug{\'e}nia},
  year={1983}
}

@article{masetto1994didatica,
  title={Did{\'a}tica: a aula como centro},
  author={Masetto, Marcos Tarciso},
  year={1994}
}

@article{da2014metodos,
  title={M{\'e}todos avaliativos no processo de ensino e aprendizagem: uma revis{\~a}o},
  author={Silva, Danilo Scherre Garcia and Matos, Poliana Michetti de S and de Almeida, Daniel Manzoni},
  journal={Cadernos de Educa{\c{c}}{\~a}o},
  number={47},
  pages={73--84},
  year={2014}
}

@article{datrino2015avaliaccao,
  title={Avalia{\c{c}}{\~a}o como processo de ensino-aprendizagem},
  author={Datrino, Roberto Cezar and Datrino, Iraci Ferro and Meireles, Pedro Henrique},
  journal={Revista de Educa{\c{c}}{\~a}o},
  volume={13},
  number={15},
  year={2015}
}

@article{perrenoud1999avaliaccao,
  title={A avalia{\c{c}}{\~a}o no princ{\'\i}pio da excel{\^e}ncia e do {\^e}xito escolares},
  author={PERRENOUD, Philippe},
  journal={Avalia{\c{c}}{\~a}o: da excel{\^e}ncia {\`a} regula{\c{c}}{\~a}o das aprendizagens-entre duas l{\'o}gicas},
  year={1999},
  publisher={Artes M{\'e}dicas Sul Porto Alegre}
}

@phdthesis{monsalve2014aprendizagem,
  title={Aprendizagem Baseada em Jogos},
  author={Monsalve, Elizabeth Suesc{\'u}n},
  year={2014},
  school={PUC-Rio}
}

@incollection{tang2009introduction,
  title={Introduction to games-based learning},
  author={Tang, Stephen and Hanneghan, Martin and El Rhalibi, Abdennour},
  booktitle={Games-based learning advancements for multi-sensory human computer interfaces: Techniques and effective practices},
  pages={1--17},
  year={2009},
  publisher={IGI Global}
}

@inproceedings{monsalve2011teaching,
  title={Teaching software engineering with SimulES-W},
  author={Monsalve, Elizabeth Suescun and Werneck, Vera Maria B and do Prado Leite, Julio Cesar Sampaio},
  booktitle={2011 24th IEEE-CS Conference on Software Engineering Education and Training (CSEE\&T)},
  pages={31--40},
  year={2011},
  organization={IEEE}
}

@inproceedings{diniz2018kahoot,
  title={Kahoot!: um relato de experi{\^e}ncia no contexto acad{\^e}mico},
  author={Diniz, Luciana Mara Freitas and Ferreira, Fischer},
  booktitle={26{\textordmasculine} Workshop sobre Educa{\c{c}}{\~a}o em Computa{\c{c}}{\~a}o (WEI 2018)},
  volume={26},
  number={1/2018},
  year={2018},
  organization={SBC}
}

@inproceedings{Souza:2017:GLB:3103028.3103054,
 author = {Souza, Mauricio R A and Veado, Lucas and Moreira, Renata Teles and Figueiredo, Eduardo and Costa, Heitor},
 title = {Games for Learning: Bridging Game-related Education Methods to Software Enginering Knowledge Areas},
 booktitle = {Proceedings of the 39th International Conference on Software Engineering: Software Engineering and Education Track},
 series = {ICSE-SEET '17},
 year = {2017},
 isbn = {978-1-5386-2671-9},
 location = {Buenos Aires, Argentina},
 pages = {170--179},
 numpages = {10},
 url = {https://doi.org/10.1109/ICSE-SEET.2017.17},
 doi = {10.1109/ICSE-SEET.2017.17},
 acmid = {3103054},
 publisher = {IEEE Press},
 address = {Piscataway, NJ, USA},
 keywords = {game development based learning, game-based learning, gamification, software engineering education},
} 

@article{pintor2014kahoot,
  title={Kahoot en docencia: una alternativa practica a los clickers},
  author={Pintor Holgu{\'\i}n, Emilio and Gargantilla Madera, Pedro and Herreros Ruiz Valdepe{\~n}as, Benjam{\'\i}n and L{\'o}pez del Hierro Casado, Marta and others},
  year={2014},
  publisher={Universidad Europea de Madrid}
}

@inproceedings{chaiyo2017effect,
  title={The effect of Kahoot, Quizizz and Google Forms on the student's perception in the classrooms response system},
  author={Chaiyo, Yanawut and Nokham, Ranchana},
  booktitle={2017 International Conference on Digital Arts, Media and Technology (ICDAMT)},
  pages={178--182},
  year={2017},
  organization={IEEE}
}

@inproceedings{abidin2017students,
  title={Students' perceptions on game-based classroom response system in a computer programming course},
  author={Abidin, H Zainol and Zaman, FH Kamaru},
  booktitle={2017 IEEE 9th International Conference on Engineering Education (ICEED)},
  pages={254--259},
  year={2017},
  organization={IEEE}
}

@incollection{mow2008issues,
  title={Issues and difficulties in teaching novice computer programming},
  author={Mow, IT Chan},
  booktitle={Innovative techniques in instruction technology, e-learning, e-assessment, and education},
  pages={199--204},
  year={2008},
  publisher={Springer}
}

@inproceedings{diniz2018kahoot,
  title={Kahoot!: um relato de experi{\^e}ncia no contexto acad{\^e}mico},
  author={Diniz, Luciana Mara Freitas and Ferreira, Fischer},
  booktitle={26{\textordmasculine} Workshop sobre Educa{\c{c}}{\~a}o em Computa{\c{c}}{\~a}o (WEI 2018)},
  volume={26},
  number={1/2018},
  year={2018},
  organization={SBC}
}

@inproceedings{petri2016quiz,
  title={Um Quiz Game para a Revis{\~a}o de Conhecimentos em Gerenciamento de Projetos},
  author={Petri, Giani and Battistella, Paulo Eduardo and Cassettari, Fernando and von Wangenheim, Christiane Gresse and Hauck, Jean},
  booktitle={Brazilian Symposium on Computers in Education (Simp{\'o}sio Brasileiro de Inform{\'a}tica na Educa{\c{c}}{\~a}o-SBIE)},
  volume={27},
  number={1},
  pages={320},
  year={2016}
}

@inproceedings{correia2017game,
  title={Game-based learning: The use of Kahoot in teacher education},
  author={Correia, Marisa and Santos, Raquel},
  booktitle={2017 International Symposium on Computers in Education (SIIE)},
  pages={1--4},
  year={2017},
  organization={IEEE}
}

@incollection{tobias2014game,
  title={Game-based learning},
  author={Tobias, Sigmund and Fletcher, J Dexter and Wind, Alexander P},
  booktitle={Handbook of research on educational communications and technology},
  pages={485--503},
  year={2014},
  publisher={Springer}
}

@article{wang2015wear,
  title={The wear out effect of a game-based student response system},
  author={Wang, Alf Inge},
  journal={Computers \& Education},
  volume={82},
  pages={217--227},
  year={2015},
  publisher={Elsevier}
}

@article{connolly2012systematic,
  title={A systematic literature review of empirical evidence on computer games and serious games},
  author={Connolly, Thomas M and Boyle, Elizabeth A and MacArthur, Ewan and Hainey, Thomas and Boyle, James M},
  journal={Computers \& education},
  volume={59},
  number={2},
  pages={661--686},
  year={2012},
  publisher={Elsevier}
}

@inproceedings{backlund2013educational,
  title={Educational games-are they worth the effort? A literature survey of the effectiveness of serious games},
  author={Backlund, Per and Hendrix, Maurice},
  booktitle={2013 5th international conference on games and virtual worlds for serious applications (VS-GAMES)},
  pages={1--8},
  year={2013},
  organization={IEEE}
}

@book{weiszflog1999michaelis,
  title={Michaelis: moderno dicion{\'a}rio da l{\'\i}ngua portuguesa},
  author={Weiszflog, Walter},
  year={1999},
  publisher={Melhoramentos}
}

@article{gibbs1986model,
  title={A model curriculum for a liberal arts degree in computer science},
  author={Gibbs, Norman E and Tucker, Allen B},
  journal={Communications of the ACM},
  volume={29},
  number={3},
  pages={202--210},
  year={1986},
  publisher={ACM}
}

@inproceedings{holmboe2001research,
  title={Research Agenda for Computer Science Education.},
  author={Holmboe, Christian and McIver, Linda and George, Carlisle E},
  booktitle={PPIG},
  volume={13},
  year={2001}
}

@article{kraemer2005avaliaccao,
  title={Avalia{\c{c}}{\~a}o da aprendizagem como constru{\c{c}}{\~a}o do saber},
  author={Kraemer, Maria Elisabeth Pereira},
  year={2005},
  publisher={INPEAU}
}

@article{jorba2003funccao,
  title={A fun{\c{c}}{\~a}o pedag{\'o}gica da avalia{\c{c}}{\~a}o},
  author={Jorba, Jaume and Sanmarti, Neus},
  journal={Avalia{\c{c}}{\~a}o como apoio {\`a} aprendizagem. Porto Alegre: Artmed},
  pages={23--45},
  year={2003}
}

@article{libaneo1994didatica,
  title={Did{\'a}tica--S{\~a}o Paulo},
  author={Lib{\^a}neo, Jos{\'e} Carlos},
  journal={Editora Cort{\^e}s, Colec{\c{c}}{\~a}o Magist{\'e}rio},
  volume={20},
  year={1994}
}

@article{russell2004inteligencia,
  title={Intelig{\^e}ncia Artificial, Tradu{\c{c}}{\~a}o da 2a},
  author={Russell, STUART and Norvig, PETER},
  journal={Edi{\c{c}}{\~a}o, Editora Campus, Brazil},
  year={2004}
}

@book{bellman1978introduction,
  title={An introduction to artificial intelligence: Can computers think?},
  author={Bellman, Richard},
  year={1978},
  publisher={Thomson Course Technology}
}

@misc{haykin2001redes,
  title={Redes Neurais Artificiais: Princ{\'\i}pios e Pr{\'a}ticas. 2{\textordfeminine} edi{\c{c}}{\~a}o},
  author={Haykin, Simon},
  year={2001},
  publisher={Editora Bookman, Porto Alegre, 900p}
}

@book{sage1990concise,
  title={Concise Encyclopedia of Information Processing in Systems \& [and] Organizations},
  author={Sage, Andrew P},
  year={1990},
  publisher={Pergamon Press Oxford, UK}
}

@article{monard2003sistemas,
  title={Sistemas Inteligentes: fundamentos e aplica{\c{c}}{\~o}es, chapter Conceitos sobre Aprendizado de M{\'a}quina},
  author={Monard, Maria Carolina and Baranauskas, Jos{\'e} Augusto},
  journal={Rezende (2003)},
  volume={15},
  pages={89--114},
  year={2003}
}

@misc{kahoot2018,
  title = {About Kahoot!},
  author = {},
  howpublished = {\url{https://kahoot.com/company/}},
  note = {Accessed: 2019-06-15},
  year = {2019}
}

@misc{kahootFormative,
  title = {Kahoot! as Formative Assessment},
  howpublished = {\url{https://learninginnovation.duke.edu/blog/2015/07/kahoot-as-formative-assessment}},
  author = {Genevieve Lipp},
  note = {Accessed: 2019-06-15},
  year = {2015}
}

@article{von2009game,
  title={To game or not to game?},
  author={Von Wangenheim, Christiane Gresse and Shull, Forrest},
  journal={IEEE software},
  volume={26},
  number={2},
  pages={92--94},
  year={2009},
  publisher={IEEE}
}

@inproceedings{ahadi2016early,
  title={Early identification of novice programmers' challenges in coding using machine learning techniques},
  author={Ahadi, Alireza},
  booktitle={Proceedings of the 2016 ACM Conference on International Computing Education Research},
  pages={263--264},
  year={2016},
  organization={ACM}
}

@article{Castro-Wunsch2017,
author = {Castro-Wunsch, Karo and Ahadi, Alireza and Petersen, Andrew},
doi = {10.1145/3017680.3017792},
isbn = {9781450346986},
journal = {ACM Technical Symposium on Computer Science Education},
keywords = {analytics,at-risk students,code snapshot analysis,cs1,educational data mining,introductory programming,learning,replication,reproduction,source},
mendeley-groups = {Trabalho de MTC},
pages = {111--116},
pmid = {21646520},
title = {{Evaluating Neural Networks as a Method for Identifying Students in Need of Assistance}},
url = {http://dl.acm.org/citation.cfm?doid=3017680.3017792},
year = {2017}
}

@article{DeBrito2014,
title={Predi{\c{c}}{\~a}o de desempenho de alunos do primeiro per{\'\i}odo baseado nas notas de ingresso utilizando m{\'e}todos de aprendizagem de m{\'a}quina},
author={Brito, Daniel Miranda and Almeida Jr, Iron Ara{\'u}jo and Queiroga, Eduardo Vieira and R{\^e}go, Tha{\'\i}s Gaudencio},
booktitle={Brazilian Symposium on Computers in Education (Simp{\'o}sio Brasileiro de Inform{\'a}tica na Educa{\c{c}}{\~a}o-SBIE)},
volume={25},
number={1},
pages={882},
year={2014}
}

@article{kitchenham2004procedures,
  title={Procedures for performing systematic reviews},
  author={Kitchenham, Barbara},
  journal={Keele, UK, Keele University},
  volume={33},
  number={2004},
  pages={1--26},
  year={2004}
}

@article{yin2001planejamento,
  title={Estudo de Caso: Planejamento e m{\'e}todos},
  author={YIN, Robert K.},
  journal={Trad. Daniel Grassi},
  volume={2},
  year={2001}
}

@article{blando2015dificuldades,
  title={Dificuldades acad{\^e}micas que interferem na aprendizagem de estudantes universit{\'a}rios de engenharias e de ci{\^e}ncias exatas: um estudo fundamentado na epistemologia gen{\'e}tica},
  author={Blando, Alessandra},
  year={2015}
}

@article{lot2016game,
  title={Game-Based Learning as a Platform for Formative Assessment in Principles of Account},
  author={Lot, Marhani and Salleh, Sallimah M},
  journal={International Information Institute (Tokyo). Information},
  volume={19},
  number={9B},
  pages={3971},
  year={2016},
  publisher={International Information Institute}
}

@inproceedings{reis2016experiencia,
  title={Experi{\^e}ncia de uso de jogos educacionais digitais individuais em contextos de colabora{\c{c}}ao},
  author={Reis, Rachel and Rodriguez, Carla and Lyra, Kamila and Isotani, Seiji and Stamato, {\'E}rica and Gotardo, Reginaldo},
  booktitle={Anais do Workshop de Inform{\'a}tica na Escola},
  volume={22},
  number={1},
  pages={485},
  year={2016}
}

@article{baptista2013timemesh,
  title={TimeMesh-A Serious Game for European Citizenship.},
  author={Baptista, Ricardo and de Carvalho, Carlos Vaz},
  journal={EAI Endorsed Trans. Serious Games},
  volume={1},
  number={1},
  pages={e2},
  year={2013}
}

@article{haydtavaliaccao,
  title={Avalia{\c{c}}{\~a}o do processo ensino-aprendizagem. 6{\textordmasculine} edi{\c{c}}{\~a}o--S{\~a}o Paulo},
  author={Haydt, Regina Cazaux},
  journal={Editora {\'A}tica},
  year = {2007}
}

@book{e2004aprender,
  title={Aprender e ensinar},
  author={e Oliveira, Jo{\~a}o Batista Araujo and Chadwick, Clifton},
  year={2004},
  publisher={Instituto Alfa Educativca}
}

@misc{precAcur,
    title = Qual a diferença entre Acurácia e Precisão,
    howpublisher = {\url{http://www.baseaerofoto.com.br/faq/}},
    note={Acesso em 28 de junho de 2019}
}
%==================================
%MODELO

@book{ibge1993,
	Address = {Rio de Janeiro},
	Author = {IBGE},
	Date-Added = {2013-08-21 13:56:10 +0000},
	Date-Modified = {2013-08-21 13:56:10 +0000},
	Edition = {3},
	Organization = {http://biblioteca.ibge.gov.br/visualizacao/livros/liv23907.pdf},
	Publisher = {Centro de Documenta{\c c}{\~a}o e Dissemina{\c c}{\~a}o de Informa{\c c}{\~o}es. Funda{\c c}{\~a}o Intituto Brasileiro de Geografia e Estat{\'\i}stica},
	Title = {Normas de apresenta{\c c}{\~a}o tabular},
	Urlaccessdate = {21 ago 2013},
	Year = {1993}}

@misc{abntex2-wiki-como-customizar,
	Author = {Lauro C{\'e}sar Araujo},
	Date-Added = {2013-03-23 21:39:21 +0000},
	Date-Modified = {2015-04-27 22:43:06 +0000},
	Howpublished = {Wiki do abnTeX2},
	Keywords = {wiki},
	Title = {Como customizar o abnTeX2},
	Url = {https://github.com/abntex/abntex2/wiki/ComoCustomizar},
	Urlaccessdate = {27 abr 2015},
	Year = {2015},
	Bdsk-Url-1 = {https://github.com/abntex/abntex2/wiki/ComoCustomizar}}

@manual{talbot2012,
	Author = {Nicola L.C. Talbot},
	Date-Added = {2013-03-11 12:06:04 +0000},
	Date-Modified = {2013-03-11 12:06:56 +0000},
	Month = {Nov.},
	Title = {User Manual for glossaries.sty},
	Url = {http://mirrors.ctan.org/macros/latex/contrib/glossaries/glossaries-user.pdf},
	Urlaccessdate = {11 mar. 2013},
	Year = {2012},
	Bdsk-Url-1 = {http://mirrors.ctan.org/macros/latex/contrib/glossaries/glossaries-user.pdf}}

@manual{babel,
	Author = {Johannes Braams},
	Date-Added = {2013-02-17 13:37:14 +0000},
	Date-Modified = {2013-02-17 13:38:38 +0000},
	Month = {Apr.},
	Title = {Babel, a multilingual package for use with LATEX's standard document classes},
	Url = {http://mirrors.ctan.org/info/babel/babel.pdf},
	Urlaccessdate = {17 fev. 2013},
	Year = {2008},
	Bdsk-Url-1 = {http://mirrors.ctan.org/info/babel/babel.pdf}}

@manual{abntex2modelo-artigo,
	Annote = {Este documento {\'e} derivado do \cite{abnt-bibtex-doc}},
	Author = {Lauro C{\'e}sar Araujo},
	Date-Added = {2013-01-15 00:10:35 +0000},
	Date-Modified = {2015-04-27 22:43:13 +0000},
	Organization = {Equipe abnTeX2},
	Title = {Modelo Can{\^o}nico de Artigo Cient{\'\i}fico com abnTeX2},
	Url = {http://www.abntex.net.br/},
	Year = {2015},
	Bdsk-Url-1 = {http://www.abntex.net.br/}}

@manual{abntex2modelo-relatorio,
	Annote = {Este documento {\'e} derivado do \cite{abnt-bibtex-doc}},
	Author = {Lauro C{\'e}sar Araujo},
	Date-Added = {2013-01-15 00:05:34 +0000},
	Date-Modified = {2015-04-27 22:43:18 +0000},
	Organization = {Equipe abnTeX2},
	Title = {Modelo Can{\^o}nico de Relat{\'o}rio T{\'e}cnico e/ou Cient{\'\i}fico com abnTeX2},
	Url = {http://www.abntex.net.br/},
	Year = {2015},
	Bdsk-Url-1 = {http://www.abntex.net.br/}}

@manual{abntex2modelo,
	Annote = {Este documento {\'e} derivado do \cite{abnt-bibtex-doc}},
	Author = {Lauro C{\'e}sar Araujo},
	Date-Added = {2013-01-12 22:55:32 +0000},
	Date-Modified = {2015-04-27 22:43:32 +0000},
	Organization = {Equipe abnTeX2},
	Title = {Modelo Can{\^o}nico de Trabalho Acad{\^e}mico com abnTeX2},
	Url = {http://www.abntex.net.br/},
	Year = {2015},
	Bdsk-Url-1 = {http://www.abntex.net.br/}}

@mastersthesis{araujo2012,
	Address = {Bras{\'\i}lia},
	Author = {Lauro C{\'e}sar Araujo},
	Date-Added = {2013-01-09 11:04:42 +0000},
	Date-Modified = {2013-01-09 11:04:42 +0000},
	Month = {mar.},
	School = {Universidade de Bras{\'\i}lia},
	Subtitle = {uma perspectiva de {A}rquitetura da {I}nforma{\c c}{\~a}o da {E}scola de {B}ras{\'\i}lia},
	Title = {Configura{\c c}{\~a}o},
	Year = {2012}}

@manual{memoir,
	Address = {Normandy Park, WA},
	Author = {Peter Wilson and Lars Madsen},
	Date-Added = {2013-01-09 10:37:50 +0000},
	Date-Modified = {2013-03-21 13:23:25 +0000},
	Organization = {The Herries Press},
	Title = {The Memoir Class for Configurable Typesetting - User Guide},
	Url = {http://mirrors.ctan.org/macros/latex/contrib/memoir/memman.pdf},
	Urlaccessdate = {19 dez. 2012},
	Year = {2010},
	Bdsk-Url-1 = {http://ctan.tche.br/macros/latex/contrib/memoir/memman.pdf}}

@manual{abntex2cite-alf,
	Annote = {Este documento {\'e} derivado do \cite{abnt-bibtex-alf-doc}},
	Author = {Lauro C{\'e}sar Araujo},
	Date-Added = {2013-01-09 10:37:45 +0000},
	Date-Modified = {2015-04-27 22:43:44 +0000},
	Organization = {Equipe abnTeX2},
	Title = {O pacote abntex2cite: t{\'o}picos espec{\'\i}ficos da ABNT NBR 10520:2002 e o estilo bibliogr{\'a}fico alfab{\'e}tico (sistema autor-data)},
	Url = {http://www.abntex.net.br/},
	Year = {2015},
	Bdsk-Url-1 = {http://www.abntex.net.br/}}

@manual{abntex2cite,
	Annote = {Este documento {\'e} derivado do \cite{abnt-bibtex-doc}},
	Author = {Lauro C{\'e}sar Araujo},
	Date-Added = {2013-01-09 10:37:45 +0000},
	Date-Modified = {2015-04-27 22:43:38 +0000},
	Organization = {Equipe abnTeX2},
	Title = {O pacote abntex2cite: Estilos bibliogr{\'a}ficos compat{\'\i}veis com a ABNT NBR 6023},
	Url = {http://www.abntex.net.br/},
	Year = {2015},
	Bdsk-Url-1 = {http://www.abntex.net.br/}}

@manual{abntex2classe,
	Author = {Lauro C{\'e}sar Araujo},
	Date-Added = {2013-01-09 10:37:38 +0000},
	Date-Modified = {2015-04-27 22:42:47 +0000},
	Organization = {Equipe abnTeX2},
	Title = {A classe abntex2: Modelo can{\^o}nico de trabalhos acad{\^e}micos brasileiros compat{\'\i}vel com as normas ABNT NBR 14724:2011, ABNT NBR 6024:2012 e outras},
	Url = {http://www.abntex.net.br/},
	Year = {2015},
	Bdsk-Url-1 = {http://www.abntex.net.br/}}

@manual{NBR10520:2002,
	Address = {Rio de Janeiro},
	Date-Added = {2012-12-15 21:43:38 +0000},
	Date-Modified = {2013-01-12 22:17:20 +0000},
	Month = {ago.},
	Org-Short = {ABNT},
	Organization = {Associa{\c c}\~ao Brasileira de Normas T\'ecnicas},
	Pages = 7,
	Subtitle = {Informa{\c c}\~ao e documenta{\c c}\~ao --- Apresenta{\c c}\~ao de cita{\c c}\~oes em documentos},
	Title = {{NBR} 10520},
	Year = 2002}

@manual{NBR6024:2012,
	Address = {Rio de Janeiro},
	Date-Added = {2012-12-15 21:24:06 +0000},
	Date-Modified = {2012-12-15 21:24:28 +0000},
	Month = {fev.},
	Org-Short = {ABNT},
	Organization = {Associa{\c c}\~ao Brasileira de Normas T\'ecnicas},
	Pages = 4,
	Subtitle = {Numera{\c c}\~ao progressiva das se{\c c}\~oes de um documento},
	Title = {{NBR} 6024},
	Year = 2012}

@manual{NBR6028:2003,
	Address = {Rio de Janeiro},
	Date-Added = {2012-12-15 21:02:12 +0000},
	Date-Modified = {2012-12-15 21:02:50 +0000},
	Month = {nov.},
	Org-Short = {ABNT},
	Organization = {Associa{\c c}\~ao Brasileira de Normas T\'ecnicas},
	Pages = 2,
	Subtitle = {Resumo - Apresenta{\c c}{\~a}o},
	Title = {{NBR} 6028},
	Year = 2003}

@manual{NBR14724:2001,
	Address = {Rio de Janeiro},
	Date-Added = {2012-12-15 20:34:08 +0000},
	Date-Modified = {2012-12-15 20:34:08 +0000},
	Month = {jul.},
	Org-Short = {ABNT},
	Organization = {Associa{\c c}\~ao Brasileira de Normas T\'ecnicas},
	Pages = 6,
	Subtitle = {Informa{\c c}\~ao e documenta{\c c}\~ao --- trabalhos acad\^emicos --- apresenta{\c c}\~ao},
	Title = {{NBR} 14724},
	Year = 2001}

@manual{NBR14724:2002,
	Address = {Rio de Janeiro},
	Date-Added = {2012-12-15 20:34:17 +0000},
	Date-Modified = {2012-12-15 20:34:17 +0000},
	Month = {ago.},
	Org-Short = {ABNT},
	Organization = {Associa{\c c}\~ao Brasileira de Normas T\'ecnicas},
	Pages = 6,
	Subtitle = {Informa{\c c}\~ao e documenta{\c c}\~ao --- trabalhos acad\^emicos --- apresenta{\c c}\~ao},
	Title = {{NBR} 14724},
	Year = 2002}

@manual{NBR14724:2005,
	Address = {Rio de Janeiro},
	Date-Added = {2012-12-15 20:34:08 +0000},
	Date-Modified = {2012-12-15 20:35:25 +0000},
	Month = {dez.},
	Org-Short = {ABNT},
	Organization = {Associa{\c c}\~ao Brasileira de Normas T\'ecnicas},
	Pages = 9,
	Subtitle = {Informa{\c c}\~ao e documenta{\c c}\~ao --- trabalhos acad\^emicos --- apresenta{\c c}\~ao},
	Title = {{NBR} 14724},
	Year = 2005}

@manual{NBR14724:2011,
	Address = {Rio de Janeiro},
	Date-Added = {2012-12-15 20:34:08 +0000},
	Date-Modified = {2012-12-15 20:35:25 +0000},
	Month = {mar.},
	Note = {Substitui a Ref.~\citeonline{NBR14724:2005}},
	Org-Short = {ABNT},
	Organization = {Associa{\c c}\~ao Brasileira de Normas T\'ecnicas},
	Pages = 15,
	Subtitle = {Informa{\c c}\~ao e documenta{\c c}\~ao --- trabalhos acad\^emicos --- apresenta{\c c}\~ao},
	Title = {{NBR} 14724},
	Year = 2011}

@article{van86,
	Author = {{van}, Gigch, John P. and Leo L. Pipino},
	Journal = {Future Computing Systems},
	Number = {1},
	Pages = {71-97},
	Title = {In search for a paradigm for the discipline of information systems},
	Volume = {1},
	Year = {1986}}

@phdthesis{guizzardi2005,
	Address = {Enschede, The Netherlands},
	Author = {Giancarlo Guizzardi},
	Date-Added = {2012-04-23 11:35:28 +0000},
	Date-Modified = {2012-04-23 11:35:28 +0000},
	School = {Centre for Telematics and Information Technology, University of Twente},
	Title = {Ontological Foundations for Structural Conceptual Models},
	Url = {http://www.loa.istc.cnr.it/Guizzardi/SELMAS-CR.pdf},
	Urlaccessdate = {3 jul. 2011},
	Year = {2005},
	Bdsk-Url-1 = {http://www.loa.istc.cnr.it/Guizzardi/SELMAS-CR.pdf}}

@mastersthesis{macedo2005,
	Author = {Fl{\'a}via L. Macedo},
	Date-Added = {2012-04-23 11:35:13 +0000},
	Date-Modified = {2012-04-23 11:35:13 +0000},
	Keywords = {arquitetura da informa{\c c}{\~a}o},
	School = {Universidade de Bras{\'\i}lia},
	Title = {Arquitetura da Informa{\c c}{\~a}o: aspectos espistemol{\'o}gicos, cient{\'\i}ficos e pr{\'a}ticos.},
	Type = {Disserta{\c c}{\~a}o de Mestrado},
	Year = {2005}}

@manual{EIA649B,
	Address = {EUA},
	Date-Added = {2012-04-23 11:34:59 +0000},
	Date-Modified = {2012-04-23 11:34:59 +0000},
	Keywords = {norma},
	Month = {June},
	Organization = {TechAmerica},
	Title = {ANSI/EIA 649-B: Configuration Management Standard},
	Year = {2011}}

@inproceedings{masolo2010,
	Author = {Claudio Masolo},
	Booktitle = {Proceedings of the Twelfth International Conference on the Principles of Knowledge Representation and Reasoning (KR 2010)},
	Date-Added = {2012-04-23 11:34:38 +0000},
	Date-Modified = {2012-04-23 11:34:38 +0000},
	Editor = {Lin, F. and Sattler, U.},
	Pages = {258-268},
	Publisher = {AAAI Press},
	Title = {Understanding Ontological Levels},
	Url = {http://wiki.loa-cnr.it/Papers/kr10v0.7.pdf},
	Urlaccessdate = {2 jan. 2012},
	Year = {2010},
	Bdsk-Url-1 = {http://wiki.loa-cnr.it/Papers/kr10v0.7.pdf}}

@inbook{guarino1995,
	Address = {Vienna},
	Author = {Nicola Guarino},
	Booktitle = {Philosophy and the Cognitive Science},
	Date-Added = {2012-04-23 11:34:29 +0000},
	Date-Modified = {2012-04-23 11:34:29 +0000},
	Editor = {R. Casati and B. Smith and G. White},
	Month = {Sept.},
	Pages = {443-456},
	Publisher = {Holder-Pivhler-Tempsky},
	Title = {The Ontological Level},
	Url = {http://wiki.loa-cnr.it/Papers/OntLev.pdf},
	Urlaccessdate = {2 jan. 2012},
	Year = {1995},
	Bdsk-Url-1 = {http://wiki.loa-cnr.it/Papers/OntLev.pdf}}

@incollection{bates2010,
	Address = {New York},
	Author = {Marcia J. Bates},
	Booktitle = {Encyclopedia of Library and Information Sciences},
	Date-Added = {2012-04-23 11:34:29 +0000},
	Date-Modified = {2012-04-23 11:34:29 +0000},
	Edition = {3rd},
	Editor = {Marcia J. Bates and Mary Niles Maack},
	Pages = {2347-2360},
	Publisher = {CRC Press},
	Title = {Information},
	Url = {http://pages.gseis.ucla.edu/faculty/bates/articles/information.html},
	Urlaccessdate = {24 out. 2011},
	Volume = {3},
	Year = {2010},
	Bdsk-Url-1 = {http://pages.gseis.ucla.edu/faculty/bates/articles/information.html}}

@book{doxiadis1965,
	Author = {Constantinos A. Doxiadis},
	Date-Added = {2012-04-23 11:34:20 +0000},
	Date-Modified = {2012-04-23 11:34:20 +0000},
	Publisher = {Ceira - Coimbra},
	Title = {Arquitetura em Transi{\c c}{\~a}o},
	Year = {1965}}

@book{dewey1980,
	Address = {New York, NY, USA},
	Author = {John Dewey},
	Date-Added = {2012-04-23 11:34:16 +0000},
	Date-Modified = {2012-04-23 11:34:16 +0000},
	Publisher = {Perigee Books},
	Title = {Art as Experience},
	Year = {1980}}

@article{shepherd1990synaptic,
  title={The Synaptic Organization of the},
  author={Shepherd, Gordon M},
  journal={Brain,(Oxford University Press, NY, 1979)},
  year={1990}
}

@incollection{mendel19708,
  title={8 Reinforcement-Learning Control and Pattern Recognition Systems},
  author={Mendel, Jerry M and McLaren, RW},
  booktitle={Mathematics in Science and Engineering},
  volume={66},
  pages={287--318},
  year={1970},
  publisher={Elsevier}
}

@techreport{widrow1960adaptive,
  title={Adaptive switching circuits},
  author={Widrow, Bernard and Hoff, Marcian E},
  year={1960},
  institution={Stanford Univ Ca Stanford Electronics Labs}
}

@misc{hebb1949organization,
  title={The Organization of Behavior. emphNew York},
  author={Hebb, Donald},
  year={1949},
  publisher={Wiley}
}

@article{stent1973physiological,
  title={A physiological mechanism for Hebb's postulate of learning},
  author={Stent, Gunther S},
  journal={Proceedings of the National Academy of Sciences},
  volume={70},
  number={4},
  pages={997--1001},
  year={1973},
  publisher={National Acad Sciences}
}

@article{changeux1976selective,
  title={Selective stabilisation of developing synapses as a mechanism for the specification of neuronal networks},
  author={Changeux, Jean-Pierre and Danchin, Antoine},
  journal={Nature},
  volume={264},
  number={5588},
  pages={705},
  year={1976},
  publisher={Nature Publishing Group}
}

@article{sejnowski1977storing,
  title={Storing covariance with nonlinearly interacting neurons},
  author={Sejnowski, Terrence J},
  journal={Journal of mathematical biology},
  volume={4},
  number={4},
  pages={303--321},
  year={1977},
  publisher={Springer}
}

@article{rumelhart1985feature,
  title={Feature discovery by competitive learning},
  author={Rumelhart, David E and Zipser, David},
  journal={Cognitive science},
  volume={9},
  number={1},
  pages={75--112},
  year={1985},
  publisher={Elsevier}
}

@article{ackley1985learning,
  title={A learning algorithm for Boltzmann machines},
  author={Ackley, David H and Hinton, Geoffrey E and Sejnowski, Terrence J},
  journal={Cognitive science},
  volume={9},
  number={1},
  pages={147--169},
  year={1985},
  publisher={Elsevier}
}

@article{becker1991unsupervised,
  title={Unsupervised learning procedures for neural networks},
  author={Becker, Suzanna},
  journal={International Journal of Neural Systems},
  volume={2},
  number={01n02},
  pages={17--33},
  year={1991},
  publisher={World Scientific}
}

@article{rosenblatt1958perceptron,
  title={The perceptron: a probabilistic model for information storage and organization in the brain.},
  author={Rosenblatt, Frank},
  journal={Psychological review},
  volume={65},
  number={6},
  pages={386},
  year={1958},
  publisher={American Psychological Association}
}